<record><leader>00000cas a2200000 a 4500</leader><controlfield tag="001">10853622</controlfield><controlfield tag="008">840618d18541855vtuwr ne      0    0eng c</controlfield><datafield ind1=" " ind2=" " tag="010"><subfield code="a">sn 84023268 </subfield></datafield><datafield ind1=" " ind2=" " tag="040"><subfield code="a">AQM</subfield><subfield code="b">eng</subfield><subfield code="c">AQM</subfield><subfield code="d">NPX</subfield><subfield code="d">NPH</subfield><subfield code="d">NVN</subfield><subfield code="d">OCL</subfield><subfield code="d">OCLCQ</subfield><subfield code="d">OCLCF</subfield><subfield code="d">OCLCO</subfield></datafield><datafield ind1="1" ind2=" " tag="029"><subfield code="a">AU@</subfield><subfield code="b">000003324666</subfield></datafield><datafield ind1=" " ind2=" " tag="042"><subfield code="a">pcc</subfield></datafield><datafield ind1=" " ind2=" " tag="043"><subfield code="a">n-us-vt</subfield></datafield><datafield ind1="0" ind2="4" tag="245"><subfield code="a">The Vergennes independent.</subfield></datafield><datafield ind1=" " ind2=" " tag="260"><subfield code="a">Vergennes [Vt.] :</subfield><subfield code="b">Bingham, Judd &amp; Lewis,</subfield><subfield code="c">1854-1855.</subfield></datafield><datafield ind1=" " ind2=" " tag="300"><subfield code="a">v. ;</subfield><subfield code="c">59 cm.</subfield></datafield><datafield ind1=" " ind2=" " tag="310"><subfield code="a">Weekly</subfield></datafield><datafield ind1="0" ind2=" " tag="362"><subfield code="a">Vol. 1, no. 1 (June 15, 1854)-Apr. 19 1855.</subfield></datafield><datafield ind1=" " ind2=" " tag="500"><subfield code="a">Commenced publication one week late.</subfield></datafield><datafield ind1=" " ind2=" " tag="500"><subfield code="a">Editor: H.G. Judd, &lt;1854-1855&gt;.</subfield></datafield><datafield ind1=" " ind2=" " tag="500"><subfield code="a">Printer: James Crane, &lt;1855&gt;.</subfield></datafield><datafield ind1=" " ind2=" " tag="515"><subfield code="a">A final supplement was issued Apr. 19, 1855.</subfield></datafield><datafield ind1=" " ind2=" " tag="580"><subfield code="a">Subscribers were to be supplied with Register (non-extant?) until the issuance of Vergennes citizen.</subfield></datafield><datafield ind1=" " ind2="0" tag="651"><subfield code="a">Vergennes (Vt.)</subfield><subfield code="v">Newspapers.</subfield></datafield><datafield ind1=" " ind2="0" tag="651"><subfield code="a">Vermont</subfield><subfield code="v">Newspapers.</subfield></datafield><datafield ind1=" " ind2="7" tag="655"><subfield code="a">Newspapers.</subfield><subfield code="2">fast</subfield><subfield code="0">(OCoLC)fst01423814</subfield></datafield><datafield ind1=" " ind2="7" tag="651"><subfield code="a">Vermont.</subfield><subfield code="2">fast</subfield><subfield code="0">(OCoLC)fst01204305</subfield></datafield><datafield ind1=" " ind2="7" tag="651"><subfield code="a">Vermont</subfield><subfield code="z">Vergennes.</subfield><subfield code="2">fast</subfield><subfield code="0">(OCoLC)fst01214454</subfield></datafield><datafield ind1=" " ind2=" " tag="752"><subfield code="a">United States</subfield><subfield code="b">Vermont</subfield><subfield code="c">Addison</subfield><subfield code="d">Vergennes.</subfield></datafield><datafield ind1="0" ind2="0" tag="780"><subfield code="t">Vergennes Vermonter (Vergennes, Vt. : 1838)</subfield><subfield code="w">(DLC)sn 84023266</subfield><subfield code="w">(OCoLC)10819527</subfield></datafield><datafield ind1="0" ind2="0" tag="785"><subfield code="t">Vergennes citizen (Vergennes, Vt. : 1855)</subfield><subfield code="w">(DLC)sn 84023269</subfield><subfield code="w">(OCoLC)10853551</subfield></datafield><datafield ind1="1" ind2=" " tag="787"><subfield code="t">Register</subfield></datafield></record>